@online{Bresenham,
	author = {Wikipedia},
	title = {Bresenham-Algorithmus},
	year = 2007,
	url = {https://de.wikipedia.org/wiki/Bresenham-Algorithmus},
	urldate = {16.05.2017}
}
@BOOK{bar,
	    AUTHOR = "Star, R. M.",
	    TITLE = "Foo Bar Baz",
	    PUBLISHER = {MIT Press},
	    ADDRESS = {Cambridge, MA},
	    YEAR = 1989}
	